
@techreport{forschungsdatenzentrumderrentenversicherung2020,
	title = {Scientific Use File. Abgeschlossene Rehabilitationen 2010-2017 im Versicherungsverlauf (SUFRSDLV17B)},
	author = {Forschungsdatenzentrum der Rentenversicherung,  and DRV Bund, },
	year = {2020},
	month = {01},
	date = {2020-01-01},
	address = {Berlin}
}

@article{gabrys2021,
	title = {Exercise-Based Cardiac Rehabilitation: Secondary Data Analyses of Mortality and Working Capacity in Germany, 2010{\textendash}2017},
	author = {Gabrys, Lars and Soff, Johannes and Thiel, Christian and Schmidt, Christian and Swart, Enno and Peschke, Dirk},
	year = {2021},
	month = {12},
	date = {2021-12-04},
	journal = {Sports Medicine - Open},
	pages = {88},
	volume = {7},
	number = {1},
	doi = {10.1186/s40798-021-00381-z},
	url = {https://doi.org/10.1186/s40798-021-00381-z},
	langid = {en}
}

@article{wickham2019,
	title = {Welcome to the Tidyverse},
	author = {Wickham, Hadley and Averick, Mara and Bryan, Jennifer and Chang, Winston and McGowan, {Lucy D'Agostino} and {François}, Romain and Grolemund, Garrett and Hayes, Alex and Henry, Lionel and Hester, Jim and Kuhn, Max and Pedersen, Thomas Lin and Miller, Evan and Bache, Stephan Milton and {Müller}, Kirill and Ooms, Jeroen and Robinson, David and Seidel, Dana Paige and Spinu, Vitalie and Takahashi, Kohske and Vaughan, Davis and Wilke, Claus and Woo, Kara and Yutani, Hiroaki},
	year = {2019},
	month = {11},
	date = {2019-11-21},
	journal = {Journal of Open Source Software},
	pages = {1686},
	volume = {4},
	number = {43},
	doi = {10.21105/joss.01686},
	url = {https://joss.theoj.org/papers/10.21105/joss.01686},
	langid = {en}
}

@book{iannone2022,
	title = {gt: Easily Create Presentation-Ready Display Tables},
	author = {Iannone, Richard and Cheng, Joe and Schloerke, Barret},
	year = {2022},
	date = {2022},
	url = {https://gt.rstudio.com/, https://github.com/rstudio/gt}
}

@article{sjoberg2021,
	title = {Reproducible Summary Tables with the gtsummary Package},
	author = {Sjoberg, {Daniel,D.} and Whiting, Karissa and Curry, Michael and Lavery, {Jessica,A.} and Larmarange, Joseph},
	year = {2021},
	date = {2021},
	journal = {The R Journal},
	pages = {570},
	volume = {13},
	number = {1},
	doi = {10.32614/RJ-2021-053},
	url = {https://journal.r-project.org/archive/2021/RJ-2021-053/index.html},
	langid = {en}
}

@book{larmarange2022,
	title = {labelled: Manipulating Labelled Data},
	author = {Larmarange, Joseph and Ludecke, Daniel and Wickham, Hadley and Bojanowski, Michal and Briatte, {François}},
	year = {2022},
	date = {2022},
	url = {https://cran.r-project.org/package=labelled}
}
